@inproceedings{dolmatova2012cost,
  title={Cost Models for Approximate Query Evaluation Algorithms.},
  author={Dolmatova, Oxana and Yarygina, Anna and Novikov, Boris},
  booktitle={DB\&Local Proceedings},
  pages={20--28},
  year={2012},
  organization={Citeseer}
}
@book{Ramakrishnan:2002:DMS:560733,
 author = {Ramakrishnan, Raghu and Gehrke, Johannes},
 title = {Database Management Systems},
 year = {2003},
 isbn = {0072465638, 9780072465631},
 edition = {3},
 publisher = {McGraw-Hill, Inc.},
 address = {New York, NY, USA},
 chapter = {12},
} 
@article{du1997estimators,
  title={On estimators for aggregate relational algebra queries},
  author={Du, Kaizheng and Ozsoyoglu, Gultekin},
  journal={Journal of Database Management (JDM)},
  volume={8},
  number={1},
  pages={25--36},
  year={1997},
  publisher={IGI Global}
}
@ONLINE {key,
    url= {https://en.wikipedia.org/wiki/Relational_algebra},
    urldate = {2015-08-25},
    author = {wikipedia},
    title = {Relational algebra}
}
@article{rupley2008introduction,
  title={Introduction to query processing and optimization},
  author={Rupley Jr, Michael L},
  journal={Indiana University},
  year={2008}
}

@inproceedings{Hou:1989:PAR:67544.66933,
 author = {Hou, Wen-Chi and Ozsoyoglu, Gultekin and Taneja, Baldeo K.},
 title = {Processing Aggregate Relational Queries with Hard Time Constraints},
 booktitle = {Proceedings of the 1989 ACM SIGMOD International Conference on Management of Data},
 series = {SIGMOD '89},
 year = {1989},
 isbn = {0-89791-317-5},
 location = {Portland, Oregon, USA},
 pages = {68--77},
 numpages = {10},
 url = {http://doi.acm.org/10.1145/67544.66933},
 doi = {10.1145/67544.66933},
 acmid = {66933},
 publisher = {ACM},
 address = {New York, NY, USA},
} 

@inproceedings{Chaudhuri:1994:IGQ:645920.672834,
 author = {Chaudhuri, Surajit and Shim, Kyuseok},
 title = {Including Group-By in Query Optimization},
 booktitle = {Proceedings of the 20th International Conference on Very Large Data Bases},
 series = {VLDB '94},
 year = {1994},
 isbn = {1-55860-153-8},
 pages = {354--366},
 numpages = {13},
 url = {http://dl.acm.org/citation.cfm?id=645920.672834},
 acmid = {672834},
 publisher = {Morgan Kaufmann Publishers Inc.},
 address = {San Francisco, CA, USA},
} 

@inproceedings{Gupta:1995:APD:645921.673150,
 author = {Gupta, Ashish and Harinarayan, Venky and Quass, Dallan},
 title = {Aggregate-Query Processing in Data Warehousing Environments},
 booktitle = {Proceedings of the 21th International Conference on Very Large Data Bases},
 series = {VLDB '95},
 year = {1995},
 isbn = {1-55860-379-4},
 pages = {358--369},
 numpages = {12},
 url = {http://dl.acm.org/citation.cfm?id=645921.673150},
 acmid = {673150},
 publisher = {Morgan Kaufmann Publishers Inc.},
 address = {San Francisco, CA, USA},
} 
@article{Lazaridis:2001:PAA:376284.375718,
 author = {Lazaridis, Iosif and Mehrotra, Sharad},
 title = {Progressive Approximate Aggregate Queries with a Multi-resolution Tree Structure},
 journal = {SIGMOD Rec.},
 issue_date = {June 2001},
 volume = {30},
 number = {2},
 month = may,
 year = {2001},
 issn = {0163-5808},
 pages = {401--412},
 numpages = {12},
 url = {http://doi.acm.org/10.1145/376284.375718},
 doi = {10.1145/376284.375718},
 acmid = {375718},
 publisher = {ACM},
 address = {New York, NY, USA},
} 
@TECHREPORT{Afrati909designingan,
    author = {Foto Afrati and Rada Chirkova and Shalu Gupta and Charles Loftis},
    title = {Designing an Using Views to Improve Performance of Aggregate Queries},
    institution = {In Proceedings of DASFAA},
    year = {909}
}

@article{Mackert:1986:ROV:16856.16863,
 author = {Mackert, Lothar F. and Lohman, Guy M.},
 title = {R* Optimizer Validation and Performance Evaluation for Local Queries},
 journal = {SIGMOD Rec.},
 issue_date = {June 1986},
 volume = {15},
 number = {2},
 month = jun,
 year = {1986},
 issn = {0163-5808},
 pages = {84--95},
 numpages = {12},
 url = {http://doi.acm.org/10.1145/16856.16863},
 doi = {10.1145/16856.16863},
 acmid = {16863},
 publisher = {ACM},
 address = {New York, NY, USA},
} 
@inproceedings{Chaudhuri:1998:OQO:275487.275492,
 author = {Chaudhuri, Surajit},
 title = {An Overview of Query Optimization in Relational Systems},
 booktitle = {Proceedings of the Seventeenth ACM SIGACT-SIGMOD-SIGART Symposium on Principles of Database Systems},
 series = {PODS '98},
 year = {1998},
 isbn = {0-89791-996-3},
 location = {Seattle, Washington, USA},
 pages = {34--43},
 numpages = {10},
 url = {http://doi.acm.org/10.1145/275487.275492},
 doi = {10.1145/275487.275492},
 acmid = {275492},
 publisher = {ACM},
 address = {New York, NY, USA},
} 
@INPROCEEDINGS{Aouiche06clustering-basedmaterialized,
    author = {Kamel Aouiche and Pierre-emmanuel Jouve and Jérôme Darmont},
    title = {Clustering-based materialized view selection in data warehouses},
    booktitle = {In ADBIS’06, volume 4152 of LNCS},
    year = {2006},
    pages = {81--95}
}
@inproceedings{Golfarelli:1998:MFD:294260.294261,
 author = {Golfarelli, Matteo and Rizzi, Stefano},
 title = {A Methodological Framework for Data Warehouse Design},
 booktitle = {Proceedings of the 1st ACM International Workshop on Data Warehousing and OLAP},
 series = {DOLAP '98},
 year = {1998},
 isbn = {1-58113-120-8},
 location = {Washington, D.C., USA},
 pages = {3--9},
 numpages = {7},
 url = {http://doi.acm.org/10.1145/294260.294261},
 doi = {10.1145/294260.294261},
 acmid = {294261},
 publisher = {ACM},
 address = {New York, NY, USA},
} 
@article{Yao:1977:ABA:359461.359475,
 author = {Yao, S. B.},
 title = {Approximating Block Accesses in Database Organizations},
 journal = {Commun. ACM},
 issue_date = {April 1977},
 volume = {20},
 number = {4},
 month = apr,
 year = {1977},
 issn = {0001-0782},
 pages = {260--261},
 numpages = {2},
 url = {http://doi.acm.org/10.1145/359461.359475},
 doi = {10.1145/359461.359475},
 acmid = {359475},
 publisher = {ACM},
 address = {New York, NY, USA},
 keywords = {database, database performance and measurement, information retrieval, inverted file organization, query answering},
} 

@article{DBLP:journals/pvldb/VartakMPP14,
  author    = {Manasi Vartak and
               Samuel Madden and
               Aditya G. Parameswaran and
               Neoklis Polyzotis},
  title     = {{SEEDB:} Automatically Generating Query Visualizations},
  journal   = {{PVLDB}},
  volume    = {7},
  number    = {13},
  pages     = {1581--1584},
  year      = {2014},
}

@techreport{vartakseedb,
  title={SeeDB: towards automatic query result visualizations},
  author={Vartak, Manasi and Madden, Samuel and Parameswaran, Aditya and Polyzotis, Neoklis},
  institution={Technical Report, data-people. cs. illinois. edu/seedb-tr. pdf}
}

@inproceedings{kandel2012profiler,
  title={Profiler: Integrated statistical analysis and visualization for data quality assessment},
  author={Kandel, Sean and Parikh, Ravi and Paepcke, Andreas and Hellerstein, Joseph M and Heer, Jeffrey},
  booktitle={Proceedings of the International Working Conference on Advanced Visual Interfaces},
  pages={547--554},
  year={2012},
  organization={ACM}
}

@article{DBLP:journals/tvcg/MackinlayHS07,
  author    = {Jock D. Mackinlay and
               Pat Hanrahan and
               Chris Stolte},
  title     = {Show Me: Automatic Presentation for Visual Analysis},
  journal   = {{IEEE} Trans. Vis. Comput. Graph.},
  volume    = {13},
  number    = {6},
  pages     = {1137--1144},
  year      = {2007},
}

@inproceedings{DBLP:conf/sigmod/KeyHPA12,
  author    = {Alicia Key and
               Bill Howe and
               Daniel Perry and
               Cecilia R. Aragon},
  title     = {VizDeck: self-organizing dashboards for visual analytics},
  booktitle = {Proceedings of the {ACM} {SIGMOD} International Conference on Management
               of Data, {SIGMOD} 2012, Scottsdale, AZ, USA, May 20-24, 2012},
  pages     = {681--684},
  year      = {2012},
}

@article{DBLP:journals/tvcg/Fisher07,
  author    = {Danyel Fisher},
  title     = {Hotmap: Looking at Geographic Attention},
  journal   = {{IEEE} Trans. Vis. Comput. Graph.},
  volume    = {13},
  number    = {6},
  pages     = {1184--1191},
  year      = {2007},
}

@inproceedings{doshi2003prefetching,
  title={Prefetching for visual data exploration},
  author={Doshi, Punit R and Rundensteiner, Elke and Ward, Matthew O and others},
  booktitle={Database Systems for Advanced Applications, 2003.(DASFAA 2003). Proceedings. Eighth International Conference on},
  pages={195--202},
  year={2003},
  organization={IEEE}
}
@article{DBLP:journals/tvcg/LiuH14,
  author    = {Zhicheng Liu and
               Jeffrey Heer},
  title     = {The Effects of Interactive Latency on Exploratory Visual Analysis},
  journal   = {{IEEE} Trans. Vis. Comput. Graph.},
  volume    = {20},
  number    = {12},
  pages     = {2122--2131},
  year      = {2014},
}

@book{lahdenmaki2005relational,
  title={Relational Database Index Design and the Optimizers},
  author={Lahdenmaki, Tapio and Leach, Mike},
  year={2005},
  publisher={John Wiley \& Sons}
}

@article{mable1999ms,
  title={MS SQL Server 7 Unleashed},
  author={Mable, Greg and Bjeletich, Sharon and others},
  year={1999},
  publisher={Sams}
}

@article{fagin2003optimal,
  title={Optimal aggregation algorithms for middleware},
  author={Fagin, Ronald and Lotem, Amnon and Naor, Moni},
  journal={Journal of Computer and System Sciences},
  volume={66},
  number={4},
  pages={614--656},
  year={2003},
  publisher={Elsevier}
}

@article{DBLP:journals/vldb/IlyasAE04,
  author    = {Ihab F. Ilyas and
               Walid G. Aref and
               Ahmed K. Elmagarmid},
  title     = {Supporting top-k join queries in relational databases},
  journal   = {{VLDB} J.},
  volume    = {13},
  number    = {3},
  pages     = {207--221},
  year      = {2004},
}

@inproceedings{DBLP:conf/icde/ReDS07,
  author    = {Christopher Re and
               Nilesh N. Dalvi and
               Dan Suciu},
  title     = {Efficient Top-k Query Evaluation on Probabilistic Data},
  booktitle = {Proceedings of the 23rd International Conference on Data Engineering,
               {ICDE} 2007, The Marmara Hotel, Istanbul, Turkey, April 15-20, 2007},
  pages     = {886--895},
  year      = {2007},
}

@article{serfling1974probability,
  title={Probability inequalities for the sum in sampling without replacement},
  author={Serfling, Robert J},
  journal={The Annals of Statistics},
  pages={39--48},
  year={1974},
  publisher={JSTOR}
}

@inproceedings{DBLP:conf/ecml/VermorelM05,
  author    = {Joann{\`{e}}s Vermorel and
               Mehryar Mohri},
  title     = {Multi-armed Bandit Algorithms and Empirical Evaluation},
  booktitle = {Machine Learning: {ECML} 2005, 16th European Conference on Machine
               Learning, Porto, Portugal, October 3-7, 2005, Proceedings},
  pages     = {437--448},
  year      = {2005},
}

@article{DBLP:journals/ml/AuerCF02,
  author    = {Peter Auer and
               Nicol{\`{o}} Cesa{-}Bianchi and
               Paul Fischer},
  title     = {Finite-time Analysis of the Multiarmed Bandit Problem},
  journal   = {Machine Learning},
  volume    = {47},
  number    = {2-3},
  pages     = {235--256},
  year      = {2002},
}

@article{lai1985asymptotically,
  title={Asymptotically efficient adaptive allocation rules},
  author={Lai, Tze Leung and Robbins, Herbert},
  journal={Advances in applied mathematics},
  volume={6},
  number={1},
  pages={4--22},
  year={1985},
  publisher={Elsevier}
}

@article{DBLP:journals/debu/BarbaraDFHHIJJNPRS97,
  author    = {Daniel Barbar{\'{a}} and
               William DuMouchel and
               Christos Faloutsos and
               Peter J. Haas and
               Joseph M. Hellerstein and
               Yannis E. Ioannidis and
               H. V. Jagadish and
               Theodore Johnson and
               Raymond T. Ng and
               Viswanath Poosala and
               Kenneth A. Ross and
               Kenneth C. Sevcik},
  title     = {The New Jersey Data Reduction Report},
  journal   = {{IEEE} Data Eng. Bull.},
  volume    = {20},
  number    = {4},
  pages     = {3--45},
  year      = {1997},
}

@inproceedings{DBLP:conf/pods/GilbertKMS01,
  author    = {Anna C. Gilbert and
               Yannis Kotidis and
               S. Muthukrishnan and
               Martin Strauss},
  title     = {Optimal and Approximate Computation of Summary Statistics for Range
               Aggregates},
  booktitle = {Proceedings of the Twentieth {ACM} {SIGACT-SIGMOD-SIGART} Symposium
               on Principles of Database Systems, May 21-23, 2001, Santa Barbara,
               California, {USA}},
  year      = {2001},
}

@inproceedings{DBLP:conf/sigmod/ChaudhuriMN98,
  author    = {Surajit Chaudhuri and
               Rajeev Motwani and
               Vivek R. Narasayya},
  title     = {Random Sampling for Histogram Construction: How much is enough?},
  booktitle = {{SIGMOD} 1998, Proceedings {ACM} {SIGMOD} International Conference
               on Management of Data, June 2-4, 1998, Seattle, Washington, {USA.}},
  pages     = {436--447},
  year      = {1998},
}

@inproceedings{DBLP:conf/pods/CharikarCMN00,
  author    = {Moses Charikar and
               Surajit Chaudhuri and
               Rajeev Motwani and
               Vivek R. Narasayya},
  title     = {Towards Estimation Error Guarantees for Distinct Values},
  booktitle = {Proceedings of the Nineteenth {ACM} {SIGMOD-SIGACT-SIGART} Symposium
               on Principles of Database Systems, May 15-17, 2000, Dallas, Texas,
               {USA}},
  pages     = {268--279},
  year      = {2000},
}

@article{DBLP:journals/csur/ManninoCS88,
  author    = {Michael V. Mannino and
               Paicheng Chu and
               Thomas Sager},
  title     = {Statistical Profile Estimation in Database Systems},
  journal   = {{ACM} Comput. Surv.},
  volume    = {20},
  number    = {3},
  pages     = {191--221},
  year      = {1988},
}

@inproceedings{DBLP:conf/sigmod/Piatetsky-ShapiroC84,
  author    = {Gregory Piatetsky{-}Shapiro and
               Charles Connell},
  title     = {Accurate Estimation of the Number of Tuples Satisfying a Condition},
  booktitle = {SIGMOD'84, Proceedings of Annual Meeting, Boston, Massachusetts, June
               18-21, 1984},
  pages     = {256--276},
  year      = {1984},
}

@article{schkolnick1985estimating,
  title={Estimating the cost of updates in a relational database},
  author={Schkolnick, Mario and Tiberio, Paolo},
  journal={ACM Transactions on Database Systems (TODS)},
  volume={10},
  number={2},
  pages={163--179},
  year={1985},
  publisher={ACM}
}

@inproceedings{DBLP:conf/sigmod/GonzalezHJLMSSG10,
  author    = {Hector Gonzalez and
               Alon Y. Halevy and
               Christian S. Jensen and
               Anno Langen and
               Jayant Madhavan and
               Rebecca Shapley and
               Warren Shen and
               Jonathan Goldberg{-}Kidon},
  title     = {Google fusion tables: web-centered data management and collaboration},
  booktitle = {Proceedings of the {ACM} {SIGMOD} International Conference on Management
               of Data, {SIGMOD} 2010, Indianapolis, Indiana, USA, June 6-10, 2010},
  pages     = {1061--1066},
  year      = {2010},
}

@inproceedings{DBLP:conf/sigmod/LivnyRBCDLMW97,
  author    = {Miron Livny and
               Raghu Ramakrishnan and
               Kevin S. Beyer and
               Guangshun Chen and
               Donko Donjerkovic and
               Shilpa Lawande and
               Jussi Myllymaki and
               R. Kent Wenger},
  title     = {DEVise: Integrated Querying and Visualization of Large Datasets},
  booktitle = {{SIGMOD} 1997, Proceedings {ACM} {SIGMOD} International Conference
               on Management of Data, May 13-15, 1997, Tucson, Arizona, {USA.}},
  pages     = {301--312},
  year      = {1997},
}

@article{DBLP:journals/dr/Jagadish99b,
  author    = {H. V. Jagadish},
  title     = {Review - Explaining Differences in Multidimensional Aggregates},
  journal   = {{ACM} {SIGMOD} Digital Review},
  volume    = {1},
  year      = {1999},
}

@inproceedings{DBLP:conf/vldb/Sarawagi00,
  author    = {Sunita Sarawagi},
  title     = {User-Adaptive Exploration of Multidimensional Data},
  booktitle = {{VLDB} 2000, Proceedings of 26th International Conference on Very
               Large Data Bases, September 10-14, 2000, Cairo, Egypt},
  pages     = {307--316},
  year      = {2000},
}

@inproceedings{DBLP:conf/vldb/SatheS01,
  author    = {Gayatri Sathe and
               Sunita Sarawagi},
  title     = {Intelligent Rollups in Multidimensional {OLAP} Data},
  booktitle = {{VLDB} 2001, Proceedings of 27th International Conference on Very
               Large Data Bases, September 11-14, 2001, Roma, Italy},
  pages     = {531--540},
  year      = {2001},
}

@inproceedings{DBLP:conf/sigmod/HellersteinHW97,
  author    = {Joseph M. Hellerstein and
               Peter J. Haas and
               Helen J. Wang},
  title     = {Online Aggregation},
  booktitle = {{SIGMOD} 1997, Proceedings {ACM} {SIGMOD} International Conference
               on Management of Data, May 13-15, 1997, Tucson, Arizona, {USA.}},
  pages     = {171--182},
  year      = {1997},
}
@inproceedings{Jang:2011:LAE:2063576.2063652,
 author = {Jang, Min-Hee and Kim, Sang-Wook and Faloutsos, Christos and Park, Sunju},
 title = {A Linear-time Approximation of the Earth Mover's Distance},
 booktitle = {Proceedings of the 20th ACM International Conference on Information and Knowledge Management},
 series = {CIKM '11},
 year = {2011},
 isbn = {978-1-4503-0717-8},
 location = {Glasgow, Scotland, UK},
 pages = {505--514},
 numpages = {10},
 url = {http://doi.acm.org/10.1145/2063576.2063652},
 doi = {10.1145/2063576.2063652},
 acmid = {2063652},
 publisher = {ACM},
 address = {New York, NY, USA},
 keywords = {distance function, earth mover's distance, image retrieval},
} 

@article{Wu:2013:SEA:2536354.2536356,
 author = {Wu, Eugene and Madden, Samuel},
 title = {Scorpion: Explaining Away Outliers in Aggregate Queries},
 journal = {Proc. VLDB Endow.},
 issue_date = {June 2013},
 volume = {6},
 number = {8},
 month = jun,
 year = {2013},
 issn = {2150-8097},
 pages = {553--564},
 numpages = {12},
 url = {http://dx.doi.org/10.14778/2536354.2536356},
 doi = {10.14778/2536354.2536356},
 acmid = {2536356},
 publisher = {VLDB Endowment},
} 

@article{DBLP:journals/debu/MeliouGHKMS10,
    Abstract = {Provenance is often used to validate data, by verifying its
    origin and explaining its derivation. When searching for ``causes'' of
    tuples in the query results or in general observations, the analysis of
    lineage becomes an essential tool for providing such justifications.
    However, lineage can quickly grow very large, limiting its immediate use
    for providing intuitive explanations to the user. The formal notion of
    causality is a more refined concept that identifies causes for
    observations based on user-defined criteria, and that assigns to them
    gradual degrees of responsibility based on their respective contributions.
    In this paper, we initiate a discussion on causality in databases, give
    some simple definitions, and motivate this formalism through a number of
    example applications.},
    Author = {Alexandra Meliou and Wolfgang Gatterbauer and Joseph Y. Halpern and Christoph Koch and Katherine F. Moore and Dan Suciu},
    Journal = {IEEE Data Engineering Bulletin},
    Number = {3},
    Pages = {59-67},
    Title = {\href{http://sites.computer.org/debull/A10sept/suciu.pdf}{Causality in Databases}},
    Type = {article},
    Venue = {DEBul},
    Volume = {33},
    Year = {2010}
}

@article{Re:2008:ALP:1453856.1453943,
 author = {R{\'e}, Christopher and Suciu, Dan},
 title = {Approximate Lineage for Probabilistic Databases},
 journal = {Proc. VLDB Endow.},
 issue_date = {August 2008},
 volume = {1},
 number = {1},
 month = aug,
 year = {2008},
 issn = {2150-8097},
 pages = {797--808},
 numpages = {12},
 url = {http://dx.doi.org/10.14778/1453856.1453943},
 doi = {10.14778/1453856.1453943},
 acmid = {1453943},
 publisher = {VLDB Endowment},
} 

@inproceedings{Kanagal:2011:SAE:1989323.1989411,
 author = {Kanagal, Bhargav and Li, Jian and Deshpande, Amol},
 title = {Sensitivity Analysis and Explanations for Robust Query Evaluation in Probabilistic Databases},
 booktitle = {Proceedings of the 2011 ACM SIGMOD International Conference on Management of Data},
 series = {SIGMOD '11},
 year = {2011},
 isbn = {978-1-4503-0661-4},
 location = {Athens, Greece},
 pages = {841--852},
 numpages = {12},
 url = {http://doi.acm.org/10.1145/1989323.1989411},
 doi = {10.1145/1989323.1989411},
 acmid = {1989411},
 publisher = {ACM},
 address = {New York, NY, USA},
 keywords = {boolean algebra, lineage, probabilistic databases, query processing, sensitivity analysis},
} 
@inproceedings{Vieira:2011:QRD:2004686.2005638,
 author = {Vieira, Marcos R. and Razente, Humberto L. and Barioni, Maria C.  N. and Hadjieleftheriou, Marios and Srivastava, Divesh and Traina, Caetano and Tsotras, Vassilis J.},
 title = {On Query Result Diversification},
 booktitle = {Proceedings of the 2011 IEEE 27th International Conference on Data Engineering},
 series = {ICDE '11},
 year = {2011},
 isbn = {978-1-4244-8959-6},
 pages = {1163--1174},
 numpages = {12},
 url = {http://dx.doi.org/10.1109/ICDE.2011.5767846},
 doi = {10.1109/ICDE.2011.5767846},
 acmid = {2005638},
 publisher = {IEEE Computer Society},
 address = {Washington, DC, USA},
} 

@inproceedings{Chen:2006:LMP:1148170.1148245,
 author = {Chen, Harr and Karger, David R.},
 title = {Less is More: Probabilistic Models for Retrieving Fewer Relevant Documents},
 booktitle = {Proceedings of the 29th Annual International ACM SIGIR Conference on Research and Development in Information Retrieval},
 series = {SIGIR '06},
 year = {2006},
 isbn = {1-59593-369-7},
 location = {Seattle, Washington, USA},
 pages = {429--436},
 numpages = {8},
 url = {http://doi.acm.org/10.1145/1148170.1148245},
 doi = {10.1145/1148170.1148245},
 acmid = {1148245},
 publisher = {ACM},
 address = {New York, NY, USA},
 keywords = {formal models, information retrieval, machine learning, subtopic retrieval},
} 

@inproceedings{Gollapudi:2009:AAR:1526709.1526761,
 author = {Gollapudi, Sreenivas and Sharma, Aneesh},
 title = {An Axiomatic Approach for Result Diversification},
 booktitle = {Proceedings of the 18th International Conference on World Wide Web},
 series = {WWW '09},
 year = {2009},
 isbn = {978-1-60558-487-4},
 location = {Madrid, Spain},
 pages = {381--390},
 numpages = {10},
 url = {http://doi.acm.org/10.1145/1526709.1526761},
 doi = {10.1145/1526709.1526761},
 acmid = {1526761},
 publisher = {ACM},
 address = {New York, NY, USA},
 keywords = {approximation algorithms, axiomatic framework, diversification, facility dispersion, search engine, wikipedia},
} 
@article{Liu:2009:SSR:1687627.1687663,
 author = {Liu, Ziyang and Sun, Peng and Chen, Yi},
 title = {Structured Search Result Differentiation},
 journal = {Proc. VLDB Endow.},
 issue_date = {August 2009},
 volume = {2},
 number = {1},
 month = aug,
 year = {2009},
 issn = {2150-8097},
 pages = {313--324},
 numpages = {12},
 url = {http://dx.doi.org/10.14778/1687627.1687663},
 doi = {10.14778/1687627.1687663},
 acmid = {1687663},
 publisher = {VLDB Endowment},
} 
@inproceedings{DBLP:conf/sigir/DemidovaFZN10,
  author    = {Elena Demidova and
               Peter Fankhauser and
               Xuan Zhou and
               Wolfgang Nejdl},
  title     = {\emph{DivQ}: diversification for keyword search over structured databases},
  booktitle = {Proceeding of the 33rd International {ACM} {SIGIR} Conference on Research
               and Development in Information Retrieval, {SIGIR} 2010, Geneva, Switzerland,
               July 19-23, 2010},
  pages     = {331--338},
  year      = {2010},
  crossref  = {DBLP:conf/sigir/2010},
  url       = {http://doi.acm.org/10.1145/1835449.1835506},
  doi       = {10.1145/1835449.1835506},
  timestamp = {Mon, 09 Aug 2010 12:50:53 +0200},
  biburl    = {http://dblp.uni-trier.de/rec/bib/conf/sigir/DemidovaFZN10},
  bibsource = {dblp computer science bibliography, http://dblp.org}
}
@inproceedings{DBLP:conf/sigir/RadlinskiD06,
  author    = {Filip Radlinski and
               Susan T. Dumais},
  title     = {Improving personalized web search using result diversification},
  booktitle = {{SIGIR} 2006: Proceedings of the 29th Annual International {ACM} {SIGIR}
               Conference on Research and Development in Information Retrieval, Seattle,
               Washington, USA, August 6-11, 2006},
  pages     = {691--692},
  year      = {2006},
  crossref  = {DBLP:conf/sigir/2006},
  url       = {http://doi.acm.org/10.1145/1148170.1148320},
  doi       = {10.1145/1148170.1148320},
  timestamp = {Wed, 30 Aug 2006 12:54:42 +0200},
  biburl    = {http://dblp.uni-trier.de/rec/bib/conf/sigir/RadlinskiD06},
  bibsource = {dblp computer science bibliography, http://dblp.org}
}

@inproceedings{Clarke:2008:NDI:1390334.1390446,
 author = {Clarke, Charles L.A. and Kolla, Maheedhar and Cormack, Gordon V. and Vechtomova, Olga and Ashkan, Azin and B\"{u}ttcher, Stefan and MacKinnon, Ian},
 title = {Novelty and Diversity in Information Retrieval Evaluation},
 booktitle = {Proceedings of the 31st Annual International ACM SIGIR Conference on Research and Development in Information Retrieval},
 series = {SIGIR '08},
 year = {2008},
 isbn = {978-1-60558-164-4},
 location = {Singapore, Singapore},
 pages = {659--666},
 numpages = {8},
 url = {http://doi.acm.org/10.1145/1390334.1390446},
 doi = {10.1145/1390334.1390446},
 acmid = {1390446},
 publisher = {ACM},
 address = {New York, NY, USA},
 keywords = {evaluation, novelty, test collections},
} 


@inproceedings{Carbonell:1998:UMD:290941.291025,
 author = {Carbonell, Jaime and Goldstein, Jade},
 title = {The Use of MMR, Diversity-based Reranking for Reordering Documents and Producing Summaries},
 booktitle = {Proceedings of the 21st Annual International ACM SIGIR Conference on Research and Development in Information Retrieval},
 series = {SIGIR '98},
 year = {1998},
 isbn = {1-58113-015-5},
 location = {Melbourne, Australia},
 pages = {335--336},
 numpages = {2},
 url = {http://doi.acm.org/10.1145/290941.291025},
 doi = {10.1145/290941.291025},
 acmid = {291025},
 publisher = {ACM},
 address = {New York, NY, USA},
} 

@article{Ahlberg:1996:SIE:245882.245893,
 author = {Ahlberg, Christopher},
 title = {Spotfire: An Information Exploration Environment},
 journal = {SIGMOD Rec.},
 issue_date = {Dec. 1996},
 volume = {25},
 number = {4},
 month = dec,
 year = {1996},
 issn = {0163-5808},
 pages = {25--29},
 numpages = {5},
 url = {http://doi.acm.org/10.1145/245882.245893},
 doi = {10.1145/245882.245893},
 acmid = {245893},
 publisher = {ACM},
 address = {New York, NY, USA},
} 

@inproceedings{Stolte:2000:PSQ:857190.857686,
 author = {Stolte, Chris and Hanrahan, Pat},
 title = {Polaris: A System for Query, Analysis and Visualization of Multi-Dimensional Relational Databases},
 booktitle = {Proceedings of the IEEE Symposium on Information Vizualization 2000},
 series = {INFOVIS '00},
 year = {2000},
 isbn = {0-7695-0804-9},
 pages = {5--},
 url = {http://dl.acm.org/citation.cfm?id=857190.857686},
 acmid = {857686},
 publisher = {IEEE Computer Society},
 address = {Washington, DC, USA},
} 
@article{Kim:2015:RSV:2735479.2735485,
 author = {Kim, Albert and Blais, Eric and Parameswaran, Aditya and Indyk, Piotr and Madden, Sam and Rubinfeld, Ronitt},
 title = {Rapid Sampling for Visualizations with Ordering Guarantees},
 journal = {Proc. VLDB Endow.},
 issue_date = {January 2015},
 volume = {8},
 number = {5},
 month = jan,
 year = {2015},
 issn = {2150-8097},
 pages = {521--532},
 numpages = {12},
 url = {http://dx.doi.org/10.14778/2735479.2735485},
 doi = {10.14778/2735479.2735485},
 acmid = {2735485},
 publisher = {VLDB Endowment},
} 
@article{Gray:1997:DCR:593414.593438,
 author = {Gray, Jim and Chaudhuri, Surajit and Bosworth, Adam and Layman, Andrew and Reichart, Don and Venkatrao, Murali and Pellow, Frank and Pirahesh, Hamid},
 title = {Data Cube: A Relational Aggregation Operator Generalizing Group-By, Cross-Tab, and Sub-Totals},
 journal = {Data Min. Knowl. Discov.},
 issue_date = {1997},
 volume = {1},
 number = {1},
 month = jan,
 year = {1997},
 issn = {1384-5810},
 pages = {29--53},
 numpages = {25},
 url = {http://dx.doi.org/10.1023/A:1009726021843},
 doi = {10.1023/A:1009726021843},
 acmid = {593438},
 publisher = {Kluwer Academic Publishers},
 address = {Hingham, MA, USA},
 keywords = {aggregation, analysis, data cube, data mining, database, query, summarization},
} 
@inproceedings{Agarwal:1996:CMA:645922.673497,
 author = {Agarwal, Sameet and Agrawal, Rakesh and Deshpande, Prasad and Gupta, Ashish and Naughton, Jeffrey F. and Ramakrishnan, Raghu and Sarawagi, Sunita},
 title = {On the Computation of Multidimensional Aggregates},
 booktitle = {Proceedings of the 22th International Conference on Very Large Data Bases},
 series = {VLDB '96},
 year = {1996},
 isbn = {1-55860-382-4},
 pages = {506--521},
 numpages = {16},
 url = {http://dl.acm.org/citation.cfm?id=645922.673497},
 acmid = {673497},
 publisher = {Morgan Kaufmann Publishers Inc.},
 address = {San Francisco, CA, USA},
} 

@inproceedings{Harinarayan:1996:IDC:233269.233333,
 author = {Harinarayan, Venky and Rajaraman, Anand and Ullman, Jeffrey D.},
 title = {Implementing Data Cubes Efficiently},
 booktitle = {Proceedings of the 1996 ACM SIGMOD International Conference on Management of Data},
 series = {SIGMOD '96},
 year = {1996},
 isbn = {0-89791-794-4},
 location = {Montreal, Quebec, Canada},
 pages = {205--216},
 numpages = {12},
 url = {http://doi.acm.org/10.1145/233269.233333},
 doi = {10.1145/233269.233333},
 acmid = {233333},
 publisher = {ACM},
 address = {New York, NY, USA},
} 
@inproceedings{Sarawagi:1999:EDM:645925.671500,
 author = {Sarawagi, Sunita},
 title = {Explaining Differences in Multidimensional Aggregates},
 booktitle = {Proceedings of the 25th International Conference on Very Large Data Bases},
 series = {VLDB '99},
 year = {1999},
 isbn = {1-55860-615-7},
 pages = {42--53},
 numpages = {12},
 url = {http://dl.acm.org/citation.cfm?id=645925.671500},
 acmid = {671500},
 publisher = {Morgan Kaufmann Publishers Inc.},
 address = {San Francisco, CA, USA},
} 
@inproceedings{Sarawagi:1998:DEO:645338.650401,
 author = {Sarawagi, Sunita and Agrawal, Rakesh and Megiddo, Nimrod},
 title = {Discovery-Driven Exploration of OLAP Data Cubes},
 booktitle = {Proceedings of the 6th International Conference on Extending Database Technology: Advances in Database Technology},
 series = {EDBT '98},
 year = {1998},
 isbn = {3-540-64264-1},
 pages = {168--182},
 numpages = {15},
 url = {http://dl.acm.org/citation.cfm?id=645338.650401},
 acmid = {650401},
 publisher = {Springer-Verlag},
 address = {London, UK, UK},
} 
@inproceedings{Ordonez:2009:EVO:1562849.1562855,
 author = {Ordonez, Carlos and Chen, Zhibo},
 title = {Exploration and Visualization of OLAP Cubes with Statistical Tests},
 booktitle = {Proceedings of the ACM SIGKDD Workshop on Visual Analytics and Knowledge Discovery: Integrating Automated Analysis with Interactive Exploration},
 series = {VAKD '09},
 year = {2009},
 isbn = {978-1-60558-670-0},
 location = {Paris, France},
 pages = {46--55},
 numpages = {10},
 url = {http://doi.acm.org/10.1145/1562849.1562855},
 doi = {10.1145/1562849.1562855},
 acmid = {1562855},
 publisher = {ACM},
 address = {New York, NY, USA},
 keywords = {cube, parametric test, visualization},
}
@inproceedings{Sarawagi:1999:EDM:645925.671500,
 author = {Sarawagi, Sunita},
 title = {Explaining Differences in Multidimensional Aggregates},
 booktitle = {Proceedings of the 25th International Conference on Very Large Data Bases},
 series = {VLDB '99},
 year = {1999},
 isbn = {1-55860-615-7},
 pages = {42--53},
 numpages = {12},
 url = {http://dl.acm.org/citation.cfm?id=645925.671500},
 acmid = {671500},
 publisher = {Morgan Kaufmann Publishers Inc.},
 address = {San Francisco, CA, USA},
} 

@article{Drosou:2013:YER:2581798.2581851,
 author = {Drosou, Marina and Pitoura, Evaggelia},
 title = {YmalDB: Exploring Relational Databases via Result-driven Recommendations},
 journal = {The VLDB Journal},
 issue_date = {December  2013},
 volume = {22},
 number = {6},
 month = dec,
 year = {2013},
 issn = {1066-8888},
 pages = {849--874},
 numpages = {26},
 url = {http://dx.doi.org/10.1007/s00778-013-0311-4},
 doi = {10.1007/s00778-013-0311-4},
 acmid = {2581851},
 publisher = {Springer-Verlag New York, Inc.},
 address = {Secaucus, NJ, USA},
 keywords = {Data exploration, Faceted search, Recommendations},
} 
@article{stefanidis2009you,
  title={“You May Also Like” Results in Relational Databases},
  author={Stefanidis, Kostas and Drosou, Marina and Pitoura, Evaggelia},
  journal={Proc. PersDB, Lyon, France},
  year={2009}
}
@inproceedings{DBLP:conf/eda/MarcelN11,
  author    = {Patrick Marcel and
               Elsa Negre},
  title     = {A survey of query recommendation techniques for data warehouse exploration},
  booktitle = {Actes des 7{\`{e}}mes journ{\'{e}}es francophones sur les Entrep{\^{o}}ts
               de Donn{\'{e}}es et l'Analyse en ligne, Clermont-Ferrand, France,
               {EDA} 2011, Juin 2011},
  pages     = {119--134},
  year      = {2011},
  crossref  = {DBLP:conf/eda/2011},
  url       = {http://editions-rnti.fr/?inprocid=1001088},
  timestamp = {Tue, 12 May 2015 17:11:45 +0200},
  biburl    = {http://dblp.uni-trier.de/rec/bib/conf/eda/MarcelN11},
  bibsource = {dblp computer science bibliography, http://dblp.org}
}
@inproceedings{DBLP:conf/icml/BubeckWV13,
  author    = {S{\'{e}}bastien Bubeck and
               Tengyao Wang and
               Nitin Viswanathan},
  title     = {Multiple Identifications in Multi-Armed Bandits},
  booktitle = {Proceedings of the 30th International Conference on Machine Learning,
               {ICML} 2013, Atlanta, GA, USA, 16-21 June 2013},
  pages     = {258--265},
  year      = {2013},
  crossref  = {DBLP:conf/icml/2013},
  url       = {http://jmlr.org/proceedings/papers/v28/bubeck13.html},
  timestamp = {Thu, 11 Sep 2014 07:28:55 +0200},
  biburl    = {http://dblp.uni-trier.de/rec/bib/conf/icml/BubeckWV13},
  bibsource = {dblp computer science bibliography, http://dblp.org}
}
@article{DBLP:journals/debu/PoosalaGI99,
  author    = {Viswanath Poosala and
               Venkatesh Ganti and
               Yannis E. Ioannidis},
  title     = {Approximate Query Answering using Histograms},
  journal   = {{IEEE} Data Eng. Bull.},
  volume    = {22},
  number    = {4},
  pages     = {5--14},
  year      = {1999},
  url       = {http://sites.computer.org/debull/99dec/poosala.ps},
  timestamp = {Mon, 17 Sep 2012 11:19:15 +0200},
  biburl    = {http://dblp.uni-trier.de/rec/bib/journals/debu/PoosalaGI99},
  bibsource = {dblp computer science bibliography, http://dblp.org}
}
@article{Acharya:1999:JSA:304181.304207,
 author = {Acharya, Swarup and Gibbons, Phillip B. and Poosala, Viswanath and Ramaswamy, Sridhar},
 title = {Join Synopses for Approximate Query Answering},
 journal = {SIGMOD Rec.},
 issue_date = {June 1999},
 volume = {28},
 number = {2},
 month = jun,
 year = {1999},
 issn = {0163-5808},
 pages = {275--286},
 numpages = {12},
 url = {http://doi.acm.org/10.1145/304181.304207},
 doi = {10.1145/304181.304207},
 acmid = {304207},
 publisher = {ACM},
 address = {New York, NY, USA},
} 
@inproceedings{1999:FAQ:846218.847214,
 title = {Fast Approximate Query Answering Using Precomputed Statistics},
 booktitle = {Proceedings of the 15th International Conference on Data Engineering},
 series = {ICDE '99},
 year = {1999},
 isbn = {0-7695-0071-4},
 pages = {252--},
 url = {http://dl.acm.org/citation.cfm?id=846218.847214},
 acmid = {847214},
 publisher = {IEEE Computer Society},
 address = {Washington, DC, USA},
key = {{$\!\!$}} ,
} 
@inproceedings{Poosala:1997:SEW:645923.673638,
 author = {Poosala, Viswanath and Ioannidis, Yannis E.},
 title = {Selectivity Estimation Without the Attribute Value Independence Assumption},
 booktitle = {Proceedings of the 23rd International Conference on Very Large Data Bases},
 series = {VLDB '97},
 year = {1997},
 isbn = {1-55860-470-7},
 pages = {486--495},
 numpages = {10},
 url = {http://dl.acm.org/citation.cfm?id=645923.673638},
 acmid = {673638},
 publisher = {Morgan Kaufmann Publishers Inc.},
 address = {San Francisco, CA, USA},
} 
@inproceedings{Vitter:1998:DCA:288627.288645,
 author = {Vitter, Jeffrey Scott and Wang, Min and Iyer, Bala},
 title = {Data Cube Approximation and Histograms via Wavelets},
 booktitle = {Proceedings of the Seventh International Conference on Information and Knowledge Management},
 series = {CIKM '98},
 year = {1998},
 isbn = {1-58113-061-9},
 location = {Bethesda, Maryland, USA},
 pages = {96--104},
 numpages = {9},
 url = {http://doi.acm.org/10.1145/288627.288645},
 doi = {10.1145/288627.288645},
 acmid = {288645},
 publisher = {ACM},
 address = {New York, NY, USA},
} 

@article{Hou:1991:SEA:115302.115300,
 author = {Hou, Wen-Chi and Ozsoyoglu, Gultekin},
 title = {Statistical Estimators for Aggregate Relational Algebra Queries},
 journal = {ACM Trans. Database Syst.},
 issue_date = {Dec. 1991},
 volume = {16},
 number = {4},
 month = dec,
 year = {1991},
 issn = {0362-5915},
 pages = {600--654},
 numpages = {55},
 url = {http://doi.acm.org/10.1145/115302.115300},
 doi = {10.1145/115302.115300},
 acmid = {115300},
 publisher = {ACM},
 address = {New York, NY, USA},
 keywords = {relational algebra, sampling, selectivity, simple random sampling, statistical estimators},
} 

@inproceedings{Lipton:1990:PSE:93597.93611,
 author = {Lipton, Richard J. and Naughton, Jeffrey F. and Schneider, Donovan A.},
 title = {Practical Selectivity Estimation Through Adaptive Sampling},
 booktitle = {Proceedings of the 1990 ACM SIGMOD International Conference on Management of Data},
 series = {SIGMOD '90},
 year = {1990},
 isbn = {0-89791-365-5},
 location = {Atlantic City, New Jersey, USA},
 pages = {1--11},
 numpages = {11},
 url = {http://doi.acm.org/10.1145/93597.93611},
 doi = {10.1145/93597.93611},
 acmid = {93611},
 publisher = {ACM},
 address = {New York, NY, USA},
} 
@inproceedings{Ioannidis:2003:HH:1315451.1315455,
 author = {Ioannidis, Yannis},
 title = {The History of Histograms (Abridged)},
 booktitle = {Proceedings of the 29th International Conference on Very Large Data Bases - Volume 29},
 series = {VLDB '03},
 year = {2003},
 isbn = {0-12-722442-4},
 location = {Berlin, Germany},
 pages = {19--30},
 numpages = {12},
 url = {http://dl.acm.org/citation.cfm?id=1315451.1315455},
 acmid = {1315455},
 publisher = {VLDB Endowment},
} 

@inproceedings{Getoor:2001:SEU:375663.375727,
 author = {Getoor, Lise and Taskar, Benjamin and Koller, Daphne},
 title = {Selectivity Estimation Using Probabilistic Models},
 booktitle = {Proceedings of the 2001 ACM SIGMOD International Conference on Management of Data},
 series = {SIGMOD '01},
 year = {2001},
 isbn = {1-58113-332-4},
 location = {Santa Barbara, California, USA},
 pages = {461--472},
 numpages = {12},
 url = {http://doi.acm.org/10.1145/375663.375727},
 doi = {10.1145/375663.375727},
 acmid = {375727},
 publisher = {ACM},
 address = {New York, NY, USA},
}
 
@inproceedings{Stillger:2001:LDL:645927.672349,
 author = {Stillger, Michael and Lohman, Guy M. and Markl, Volker and Kandil, Mokhtar},
 title = {LEO - DB2's LEarning Optimizer},
 booktitle = {Proceedings of the 27th International Conference on Very Large Data Bases},
 series = {VLDB '01},
 year = {2001},
 isbn = {1-55860-804-4},
 pages = {19--28},
 numpages = {10},
 url = {http://dl.acm.org/citation.cfm?id=645927.672349},
 acmid = {672349},
 publisher = {Morgan Kaufmann Publishers Inc.},
 address = {San Francisco, CA, USA},
} 


@proceedings{Wong2011,
  editor    = {Andreas Holzinger and
               Klaus{-}Martin Simonic},
  title     = {Information Quality in e-Health - 7th Conference of the Workgroup
               Human-Computer Interaction and Usability Engineering of the Austrian
               Computer Society, {USAB} 2011, Graz, Austria, November 25-26, 2011.
               Proceedings},
  series    = {Lecture Notes in Computer Science},
  volume    = {7058},
  publisher = {Springer},
  year      = {2011},
}

@Article{Hund2016,
author="Hund, Michael
and B{\"o}hm, Dominic
and Sturm, Werner
and Sedlmair, Michael
and Schreck, Tobias
and Ullrich, Torsten
and Keim, Daniel A.
and Majnaric, Ljiljana
and Holzinger, Andreas",
title="Visual analytics for concept exploration in subspaces of patient groups",
journal="Brain Informatics",
year="2016",
pages="1--15",
}

@article{Jugel:2016:VAV:2884416.2884424,
 author = {Jugel, Uwe and Jerzak, Zbigniew and Hackenbroich, Gregor and Markl, Volker},
 title = {VDDA: Automatic Visualization-driven Data Aggregation in Relational Databases},
 journal = {The VLDB Journal},
 issue_date = {February  2016},
 pages = {53--77},
}
 
@inproceedings{DBLP:conf/chi/WongCKRX11,
  author    = {B. L. William Wong and
               Raymond Chen and
               Neesha Kodagoda and
               Chris Rooney and
               Kai Xu},
  title     = {{INVISQUE:} intuitive information exploration through interactive
               visualization},
  booktitle = {Proceedings of the International Conference on Human Factors in Computing
               Systems, {CHI} 2011, Extended Abstracts Volume, Vancouver, BC, Canada,
               May 7-12, 2011},
  pages     = {311--316},
  year      = {2011},
  crossref  = {DBLP:conf/chi/2011a},
  url       = {http://doi.acm.org/10.1145/1979742.1979720},
  doi       = {10.1145/1979742.1979720},
  timestamp = {Wed, 27 May 2015 18:43:45 +0200},
  biburl    = {http://dblp.uni-trier.de/rec/bib/conf/chi/WongCKRX11},
  bibsource = {dblp computer science bibliography, http://dblp.org}
}
